@article{chennamma2013survey,
  title={A survey on eye-gaze tracking techniques},
  author={Chennamma, HR and Yuan, Xiaohui},
  journal={arXiv preprint arXiv:1312.6410},
  year={2013}
}
