%% Eye tracking stuff
@article{chennamma2013survey,
  title={A survey on eye-gaze tracking techniques},
  author={Chennamma, HR and Yuan, Xiaohui},
  journal={arXiv preprint arXiv:1312.6410},
  year={2013}
}

@article{CrashDrowsy,
  author          = {US Department of Transportation},
  title           = {Crash Stats: Drowsy Driving},
  journal         = {Traffic Safety Facts},
  year            = {2015},
  volume          = {DOT HS 812 446}
}

@article{CrashDistracted,
  author          = {US Department of Transportation},
  title           = {Research Note: Distracted Driving},
  journal         = {Traffic Safety Facts},
  year            = {2018},
  volume          = {DOT HS 812 926}
}

%% End eye tracking stuff

%% Pedestrian tracking stuff
@article{HOGHumanDetection,
author={N. {Dalal} and B. {Triggs}},
booktitle={2005 IEEE Computer Society Conference on Computer Vision and Pattern Recognition (CVPR'05)},
title={Histograms of oriented gradients for human detection},
year={2005},
volume={1},
number={},
pages={886-893 vol. 1},
doi={10.1109/CVPR.2005.177}}

%% End pedestrian tracking stuff